@inproceedings{roughan2004class,
  title={Class-of-service mapping for QoS: a statistical signature-based approach to IP traffic classification},
  author={Roughan, Matthew and Sen, Subhabrata and Spatscheck, Oliver and Duffield, Nick},
  booktitle={Proceedings of the 4th ACM SIGCOMM conference on Internet measurement},
  pages={135--148},
  year={2004},
  organization={ACM}
}
@article{apodaca2001endocytic,
  title={Endocytic traffic in polarized epithelial cells: role of the actin and microtubule cytoskeleton},
  author={Apodaca, Gerard},
  journal={Traffic},
  volume={2},
  number={3},
  pages={149--159},
  year={2001},
  publisher={Wiley Online Library}
}
@inproceedings{greenshields1935study,
  title={A study of traffic capacity},
  author={Greenshields, BD and Channing, Ws and Miller, Hh and others},
  booktitle={Highway research board proceedings},
  volume={1935},
  year={1935},
  organization={National Research Council (USA), Highway Research Board}
}
@inproceedings{mcpherson2004portvis,
  title={PortVis: a tool for port-based detection of security events},
  author={McPherson, Jonathan and Ma, Kwan-Liu and Krystosk, Paul and Bartoletti, Tony and Christensen, Marvin},
  booktitle={Proceedings of the 2004 ACM workshop on Visualization and data mining for computer security},
  pages={73--81},
  year={2004},
  organization={ACM}
}
@inproceedings{wang2004anomalous,
  title={Anomalous payload-based network intrusion detection},
  author={Wang, Ke and Stolfo, Salvatore J},
  booktitle={Recent Advances in Intrusion Detection},
  pages={203--222},
  year={2004},
  organization={Springer}
}
@inproceedings{karagiannis2005blinc,
  title={BLINC: multilevel traffic classification in the dark},
  author={Karagiannis, Thomas and Papagiannaki, Konstantina and Faloutsos, Michalis},
  booktitle={ACM SIGCOMM Computer Communication Review},
  volume={35},
  number={4},
  pages={229--240},
  year={2005},
  organization={ACM}
}
@inproceedings{kim2004flow,
  title={A flow-based method for abnormal network traffic detection},
  author={Kim, Aiyung-Sup and Kong, Hun-Jeong and Hong, Seong-Cheol and Chung, Seung-Hwa and Hong, James W},
  booktitle={Network operations and management symposium, 2004. NOMS 2004. IEEE/IFIP},
  volume={1},
  pages={599--612},
  year={2004},
  organization={IEEE}
}
@article{knuth1977fast,
  title={Fast pattern matching in strings},
  author={Knuth, Donald E and Morris, Jr, James H and Pratt, Vaughan R},
  journal={SIAM journal on computing},
  volume={6},
  number={2},
  pages={323--350},
  year={1977},
  publisher={SIAM}
}
@article{boyer1977fast,
  title={A fast string searching algorithm},
  author={Boyer, Robert S and Moore, J Strother},
  journal={Communications of the ACM},
  volume={20},
  number={10},
  pages={762--772},
  year={1977},
  publisher={ACM}
}
@article{aho1975efficient,
  title={Efficient string matching: an aid to bibliographic search},
  author={Aho, Alfred V and Corasick, Margaret J},
  journal={Communications of the ACM},
  volume={18},
  number={6},
  pages={333--340},
  year={1975},
  publisher={ACM}
}
@book{commentz1979string,
  title={A string matching algorithm fast on the average},
  author={Commentz-Walter, Beate},
  year={1979},
  publisher={Springer}
}
@inproceedings{coit2001towards,
  title={Towards faster string matching for intrusion detection or exceeding the speed of snort},
  author={Coit, C Jason and Staniford, Stuart and McAlerney, Joseph},
  booktitle={DARPA Information Survivability Conference \&amp; Exposition II, 2001. DISCEX'01. Proceedings},
  volume={1},
  pages={367--373},
  year={2001},
  organization={IEEE}
}
@article{auld2007bayesian,
  title={Bayesian neural networks for internet traffic classification},
  author={Auld, Tom and Moore, Andrew W and Gull, Stephen F},
  journal={Neural Networks, IEEE Transactions on},
  volume={18},
  number={1},
  pages={223--239},
  year={2007},
  publisher={IEEE}
}
@inproceedings{yang2011smiler,
  title={SMILER: towards practical online traffic classification},
  author={Yang, Baohua and Hou, Guangdong and Ruan, Lingyun and Xue, Yibo and Li, Jun},
  booktitle={Proceedings of the 2011 ACM/IEEE Seventh Symposium on Architectures for Networking and Communications Systems},
  pages={178--188},
  year={2011},
  organization={IEEE Computer Society}
}
@inproceedings{korczynski2014markov,
  title={Markov chain fingerprinting to classify encrypted traffic},
  author={Korczynski, Maciej and Duda, Andrzej},
  booktitle={INFOCOM, 2014 Proceedings IEEE},
  pages={781--789},
  year={2014},
  organization={IEEE}
}
@article{campbell1998hidden,
  title={Hidden Markov and Other Models for Discrete-valued Time Series},
  author={Campbell, MJ},
  journal={Biometrics},
  volume={54},
  number={1},
  pages={394},
  year={1998},
  publisher={International Biometric Society}
}
@article{Yanfeng2010identification,
  title={a new identification method based on size of packets and clustering algorithm},
  author={Yanfeng Sun and Shunyi Zhang},
  journal={Telecommunications Information},
  number={2},
  pages={26-28},
  year={2010}
}
@inproceedings{waizumi2007network,
  title={Network application identification based on transition pattern of packets},
  author={Waizumi, Yuji and Jamalipour, Abbas and Nemoto, Yoshiaki},
  booktitle={IEEE Wireless Rural and Emergency Communications Conference (WRECOM) 2007},
  year={2007}
}
@book{moore2005discriminators,
  title={Discriminators for use in flow-based classification},
  author={Moore, Andrew and Zuev, Denis and Crogan, Michael},
  year={2005},
  publisher={Queen Mary and Westfield College, Department of Computer Science}
}
@inproceedings{xue2013traffic,
  title={Traffic classification: Issues and challenges},
  author={Xue, Yibo and Wang, Dawei and Zhang, Luoshi},
  booktitle={Computing, Networking and Communications (ICNC), 2013 International Conference on},
  pages={545--549},
  year={2013},
  organization={IEEE}
}
@inproceedings{karagiannis2005blinc,
  title={BLINC: multilevel traffic classification in the dark},
  author={Karagiannis, Thomas and Papagiannaki, Konstantina and Faloutsos, Michalis},
  booktitle={ACM SIGCOMM Computer Communication Review},
  volume={35},
  number={4},
  pages={229--240},
  year={2005},
  organization={ACM}
}
@inproceedings{rahman2011making,
  title={Making impostor pass rates meaningless: A case of snoop-forge-replay attack on continuous cyber-behavioral verification with keystrokes},
  author={Rahman, Khandaker and Balagani, Kiran S and Phoha, Vir V and others},
  booktitle={Computer Vision and Pattern Recognition Workshops (CVPRW), 2011 IEEE Computer Society Conference on},
  pages={31--38},
  year={2011},
  organization={IEEE}
}
@article{dainotti2012issues,
  title={Issues and future directions in traffic classification},
  author={Dainotti, Alberto and Pescape, Antonio and Claffy, Kimberly C},
  journal={Network, IEEE},
  volume={26},
  number={1},
  pages={35--40},
  year={2012},
  publisher={IEEE}
}
@inproceedings{ciresan2012multi,
  title={Multi-column deep neural networks for image classification},
  author={Ciresan, Dan and Meier, Ueli and Schmidhuber, J{\"u}rgen},
  booktitle={Computer Vision and Pattern Recognition (CVPR), 2012 IEEE Conference on},
  pages={3642--3649},
  year={2012},
  organization={IEEE}
}
@inproceedings{grimaudo2012hierarchical,
  title={Hierarchical learning for fine grained internet traffic classification},
  author={Grimaudo, Luigi and Mellia, Marco and Baralis, Elena},
  booktitle={Wireless Communications and Mobile Computing Conference (IWCMC), 2012 8th International},
  pages={463--468},
  year={2012},
  organization={IEEE}
}
@misc{cnnic200515th,
  title={15th Statistical Survey Report on the Internet Development in China},
  author={CNNIC, TU},
  year={2005},
  publisher={January}
}
