@inproceedings{roughan2004class,
  title={Class-of-service mapping for QoS: a statistical signature-based approach to IP traffic classification},
  author={Roughan, Matthew and Sen, Subhabrata and Spatscheck, Oliver and Duffield, Nick},
  booktitle={Proceedings of the 4th ACM SIGCOMM conference on Internet measurement},
  pages={135--148},
  year={2004},
  organization={ACM}
}
@article{apodaca2001endocytic,
  title={Endocytic traffic in polarized epithelial cells: role of the actin and microtubule cytoskeleton},
  author={Apodaca, Gerard},
  journal={Traffic},
  volume={2},
  number={3},
  pages={149--159},
  year={2001},
  publisher={Wiley Online Library}
}
@inproceedings{greenshields1935study,
  title={A study of traffic capacity},
  author={Greenshields, BD and Channing, Ws and Miller, Hh and others},
  booktitle={Highway research board proceedings},
  volume={1935},
  year={1935},
  organization={National Research Council (USA), Highway Research Board}
}
@inproceedings{mcpherson2004portvis,
  title={PortVis: a tool for port-based detection of security events},
  author={McPherson, Jonathan and Ma, Kwan-Liu and Krystosk, Paul and Bartoletti, Tony and Christensen, Marvin},
  booktitle={Proceedings of the 2004 ACM workshop on Visualization and data mining for computer security},
  pages={73--81},
  year={2004},
  organization={ACM}
}
@inproceedings{wang2004anomalous,
  title={Anomalous payload-based network intrusion detection},
  author={Wang, Ke and Stolfo, Salvatore J},
  booktitle={Recent Advances in Intrusion Detection},
  pages={203--222},
  year={2004},
  organization={Springer}
}
@inproceedings{karagiannis2005blinc,
  title={BLINC: multilevel traffic classification in the dark},
  author={Karagiannis, Thomas and Papagiannaki, Konstantina and Faloutsos, Michalis},
  booktitle={ACM SIGCOMM Computer Communication Review},
  volume={35},
  number={4},
  pages={229--240},
  year={2005},
  organization={ACM}
}
@inproceedings{kim2004flow,
  title={A flow-based method for abnormal network traffic detection},
  author={Kim, Aiyung-Sup and Kong, Hun-Jeong and Hong, Seong-Cheol and Chung, Seung-Hwa and Hong, James W},
  booktitle={Network operations and management symposium, 2004. NOMS 2004. IEEE/IFIP},
  volume={1},
  pages={599--612},
  year={2004},
  organization={IEEE}
}